%% This BibTeX bibliography file was created using BibDesk.
%% http://bibdesk.sourceforge.net/


%% Created for Alberto Paoluzzi at 2015-02-04 06:53:37 +0100 


%% Saved with string encoding Unicode (UTF-8) 
@inProceedings{ClementiSSPP-CAD16,
   author =    {Giulia Clementi and Danilo Salvati and Giorgio Scorzelli and Alberto Paoluzzi and Valerio Pascucci},
   title =     {Progressive extraction of neural models from high-resolution 3D images of brain},
   booktitle = {13th International Conference on CAD \& Applications},
   address =   {Vancouver, {BC}, Canada},
   month =     {June 27-29},
   year =      2016,
}
@inProceedings{SpiniMDCP-WEB3D2016,
   author =    {Federico Spini and Enrico Marino and Michele D’Antimi and
                Edoardo Carra and Alberto Paoluzzi},
   title =     {Web 3D Indoor Authoring and VR Exploration via Texture
                Baking Service},
   booktitle = {21st annual ACM SIGGRAPH - Web3D 2016 Conference},
   address =   {Anaheim, {CA}},
   month =     {July 22-24},
   year =      2016,
}
@article{poly2tri:2008,
   author =  {V. Domiter and B. ≈Ωalik},
   title =   {Sweep‚Äêline algorithm for constrained Delaunay triangulation},
   journal = {International Journal of Geographical Information Science},
   volume = {22},
   number = {4},
   pages = {449--462},
   year =    2008,
   doi =       {10.1007/978-3-319-11418-7_23},
}
@inProceedings{Yamaguchi:85,
   author =    {F. Yamaguchi and T. Tokieda},
   title =     {Bridge Edge and Triangulation Approach in Solid Modeling},
   booktitle = {Frontiers in Computer Graphics},
   editor =    {T.L. Kunii},
   publisher = {Springer Verlag},
   address =   {Berlin},
   year =      1985,
}
@inCollection{paoluzziMS:2014,
   year =      2015,
   isbn =      {978-3-319-11417-0},
   booktitle = {Advances in Architectural Geometry 2014},
   editor =    {Block, Philippe and Knippers, Jan and Mitra, Niloy J. and
                Wang, Wenping},
   doi =       {10.1007/978-3-319-11418-7_23},
   title =     {{LAR-ABC}, a Representation of Architectural Geometry from
                Concept of Spaces, to Design of Building Fabric, to
                Construction Simulation},
   url =       {http://dx.doi.org/10.1007/978-3-319-11418-7_23},
   publisher = {Springer International Publishing},
   author =    {Paoluzzi, Alberto and Marino, Enrico and Spini, Federico},
   pages =     {353-372},
   language =  {English},
}
@inProceedings{SpiniVSPMB-STAG2015,
   author =    {F. Spini and M. Sportillo and M. Virgadamo and E. Marino and A. Bottaro and A. Paoluzzi},
   title =     {HIJSON: cartographic document for web modeling of Interactive Indoor Mapping},
   booktitle = {STAG: Smart Tools and Apps in computer Graphics},
   editor = {S. Biasotti, M. Tarini, A. Giachetti},   
   note = {To appear in Eurographics DL},
   year =      2015,
}
@misc{gojson:208,
   author = {Howard Butler and Martin Daly and Allan Doyle and Sean Gillies 
             and Tim Schaub and Christopher Schmidt},   
   title = {The GeoJSON Format Specification},
   year = {16 June 2008},
   note = {GeoJSON is a geospatial data interchange format based on JavaScript Object Notation (JSON)},
}

@article{paodcvjcadanda2015,
   author =  {Alberto Paoluzzi and Antonio DiCarlo and Francesco Furiani and Miroslav Jirik},
   title =   {CAD models from medical images using LAR},
   journal = {Computer-Aided Design and Applications},
   volume = {13},
   year =    2015,
   note =    {To appear},
}
@inProceedings{Bajaj:1996:SCC:237218.237246,
   author =    {Bajaj, Chandrajit L. and Pascucci, Valerio},
   title =     {Splitting a Complex of Convex Polytopes in Any Dimension},
   booktitle = {Proceedings of the Twelfth Annual Symposium on Computational
                Geometry},
   series =    {SCG '96},
   year =      1996,
   isbn =      {0-89791-804-5},
   location =  {Philadelphia, Pennsylvania, USA},
   pages =     {88--97},
   numpages =  {10},
   url =       {http://doi.acm.org/10.1145/237218.237246},
   doi =       {10.1145/237218.237246},
   acmid =     {237246},
   publisher = {Acm},
   address =   {New York, NY, {USA}},
}

@article{Hopcroft:1973:AEA:362248.362272,
	Acmid = {362272},
	Address = {New York, NY, USA},
	Author = {Hopcroft, John and Tarjan, Robert},
	Date-Added = {2015-02-04 05:53:27 +0000},
	Date-Modified = {2015-02-04 05:53:27 +0000},
	Doi = {10.1145/362248.362272},
	Issn = {0001-0782},
	Issue_Date = {June 1973},
	Journal = {Commun. ACM},
	Keywords = {analysis of algorithms, graph manipulation, graphs},
	Month = jun,
	Number = {6},
	Numpages = {7},
	Pages = {372--378},
	Publisher = {ACM},
	Title = {Algorithm 447: Efficient Algorithms for Graph Manipulation},
	Url = {http://doi.acm.org/10.1145/362248.362272},
	Volume = {16},
	Year = {1973},
	Bdsk-Url-1 = {http://doi.acm.org/10.1145/362248.362272},
	Bdsk-Url-2 = {http://dx.doi.org/10.1145/362248.362272}}

@inbook{Meakin:99,
	Author = {Meakin, Robert L.},
	Booktitle = {Handbook of Grid Generation},
	Chapter = 11,
	Publisher = {CRC Press},
	Title = {Composite Overset Structured Grids},
	Year = 1999}

@inproceedings{Desbrun:2005:DDF:1198555.1198666,
	Acmid = {1198666},
	Address = {New York, NY, {USA}},
	Articleno = {7},
	Author = {Desbrun, Mathieu and Kanso, Eva and Tong, Yiying},
	Booktitle = {ACM SIGGRAPH 2005 Courses},
	Doi = {10.1145/1198555.1198666},
	Location = {Los Angeles, California},
	Publisher = {Acm},
	Series = {SIGGRAPH '05},
	Title = {Discrete Differential Forms for Computational Modeling},
	Url = {http://doi.acm.org/10.1145/1198555.1198666},
	Year = 2005,
	Bdsk-Url-1 = {http://doi.acm.org/10.1145/1198555.1198666},
	Bdsk-Url-2 = {http://dx.doi.org/10.1145/1198555.1198666}}

@article{CattaniP-BIL1990,
	Author = {C. Cattani and A. Paoluzzi},
	Journal = {Computer-Aided Design},
	Number = 2,
	Pages = {130--135},
	Title = {Boundary integration over linear polyhedra},
	Volume = 22,
	Year = 1990}

@conference{who:2013,
	Address = {Oslo, Norway},
	Author = {Adham R. Ismail Abdel-Moneim},
	Booktitle = {Future Healthcare -- The opportunities of new technology},
	Month = {18--20 June},
	Organization = {38th World Hospital Congress},
	Title = {Hospital Planning and Medical Equipment Design},
	Year = 2013}

@inproceedings{esa-iim2014,
	Address = {Romanian Space Agency (ROSA), Bucharest, Romania},
	Author = {Francesco Furiani and Claudio Paoluzzi and Alberto Paoluzzi},
	Booktitle = {ESA-EUSC-JRC: Image Information Mining 2014 Conference},
	Month = {March, 5 -- 7},
	Title = {Algebraic Mining of Solid Models from Images},
	Year = 2014}

@article{Dicarlo:2014:TNL:2543138.2543294,
	Acmid = {2543294},
	Address = {Newton, MA, USA},
	Author = {Dicarlo, Antonio and Paoluzzi, Alberto and Shapiro, Vadim},
	Doi = {10.1016/j.cad.2013.08.044},
	Issn = {0010-4485},
	Issue_Date = {January, 2014},
	Journal = {Comput. Aided Des.},
	Keywords = {Chain complex, Representation scheme, Solid modeling, Sparse matrix},
	Month = jan,
	Numpages = {6},
	Pages = {269--274},
	Publisher = {Butterworth-Heinemann},
	Title = {Linear Algebraic Representation for Topological Structures},
	Url = {http://dx.doi.org/10.1016/j.cad.2013.08.044},
	Volume = {46},
	Year = {2014},
	Bdsk-Url-1 = {http://dx.doi.org/10.1016/j.cad.2013.08.044}}

@article{DBLP:journals/cad/FerruciP91,
	Author = {Vincenzo Ferrucci and Alberto Paoluzzi},
	Bibsource = {DBLP, http://dblp.uni-trier.de},
	Ee = {http://dx.doi.org/10.1016/0010-4485(91)90080-G},
	Journal = {Computer-Aided Design},
	Number = {1},
	Pages = {40-50},
	Title = {Extrusion and boundary evaluation for multidimensional polyhedra},
	Volume = {23},
	Year = {1991}}

@article{miktek:2012,
	Author = {Joseph Wright},
	Date-Added = {2013-10-28 03:45:12 +0000},
	Date-Modified = {2013-10-28 03:50:44 +0000},
	Journal = {TUGboat},
	Number = {1},
	Title = {{\TeX\ on Windows: MiK\TeX\ or \TeX\ Live?}},
	Volume = {33},
	Year = {2012}}

@techreport{cclar-proj:2013:00,
	Author = {CVD-Lab},
	Date-Added = {2013-10-26 04:03:57 +0000},
	Date-Modified = {2013-10-26 04:08:23 +0000},
	Institution = {Roma Tre University},
	Month = {October},
	Number = {13-00},
	Title = {Linear Algebraic Representation},
	Year = {2013}}

@article{Knuth:1984:LP:473.479,
	Acmid = {479},
	Address = {Oxford, UK},
	Author = {Knuth, Donald E.},
	Date-Added = {2013-10-13 12:34:12 +0000},
	Date-Modified = {2013-10-13 12:34:12 +0000},
	Doi = {10.1093/comjnl/27.2.97},
	Issn = {0010-4620},
	Issue_Date = {May 1984},
	Journal = {Comput. J.},
	Month = may,
	Number = {2},
	Numpages = {15},
	Pages = {97--111},
	Publisher = {Oxford University Press},
	Title = {Literate programming},
	Url = {http://dx.doi.org/10.1093/comjnl/27.2.97},
	Volume = {27},
	Year = {1984},
	Bdsk-Url-1 = {http://dx.doi.org/10.1093/comjnl/27.2.97}}

@book{Knuth:1994:CSS:561208,
	Address = {Boston, MA, USA},
	Author = {Knuth, Donald Ervin and Levy, Silvio},
	Date-Added = {2013-10-13 06:20:40 +0000},
	Date-Modified = {2013-10-13 06:20:40 +0000},
	Edition = {1st},
	Isbn = {0201575698},
	Publisher = {Addison-Wesley Longman Publishing Co., Inc.},
	Title = {The CWEB System of Structured Documentation: Version 3.0},
	Year = {1994}}

@book{Knuth:1992:LP:129057,
	Address = {Stanford, CA, USA},
	Author = {Knuth, Donald E.},
	Date-Added = {2013-10-13 06:17:17 +0000},
	Date-Modified = {2013-10-13 06:17:17 +0000},
	Isbn = {0-9370-7380-6},
	Publisher = {Center for the Study of Language and Information},
	Title = {Literate programming},
	Year = {1992}}

@book{citeulike:1289401,
	Author = {Sato, Hajime},
	Month = jun,
	Publisher = {American Mathematical Society},
	Title = {{Algebraic Topology: An Intuitive Approach (Translations of Mathematical Monographs)}},
	Year = {1999}}
@inproceedings{Williams:2007:OSM:1362622.1362674,
	Acmid = {1362674},
	Address = {New York, NY, USA},
	Articleno = {38},
	Author = {Williams, Samuel and Oliker, Leonid and Vuduc, Richard and Shalf, John and Yelick, Katherine and Demmel, James},
	Booktitle = {Proceedings of the 2007 ACM/IEEE conference on Supercomputing},
	Doi = {10.1145/1362622.1362674},
	Isbn = {978-1-59593-764-3},
	Location = {Reno, Nevada},
	Numpages = {12},
	Pages = {38:1--38:12},
	Publisher = {ACM},
	Series = {SC '07},
	Title = {Optimization of sparse matrix-vector multiplication on emerging multicore platforms},
	Url = {http://doi.acm.org/10.1145/1362622.1362674},
	Year = {2007},
	Bdsk-Url-1 = {http://doi.acm.org/10.1145/1362622.1362674},
	Bdsk-Url-2 = {http://dx.doi.org/10.1145/1362622.1362674}}

@book{cottrell2009isogeometric,
	Author = {Cottrell, J.A. and Hughes, T.J.R. and Bazilevs, Y.},
	Publisher = {Wiley},
	Title = {Isogeometric analysis: toward integration of CAD and FEA},
	Year = 2009}

@article{gemmexp,
	Arxiv = {http://arxiv.org/abs/1109.3739},
	Author = {Ayd{\i}n Bulu\c{c} and John R. Gilbert},
	Doi = {10.1137/110848244},
	Journal = {{SIAM} Journal of Scientific Computing (SISC)},
	Number = 4,
	Pages = {170 - 191},
	Title = {Parallel Sparse Matrix-Matrix Multiplication and Indexing: Implementation and Experiments},
	Url = {http://gauss.cs.ucsb.edu/~aydin/spgemm_sisc12.pdf},
	Volume = 34,
	Year = 2012,
	Bdsk-Url-1 = {http://gauss.cs.ucsb.edu/~aydin/spgemm_sisc12.pdf},
	Bdsk-Url-2 = {http://dx.doi.org/10.1137/110848244}}

@inproceedings{DiCarlo:2007:SPM:1236246.1236259,
	Acmid = {1236259},
	Address = {New York, NY, {USA}},
	Author = {DiCarlo, Antonio and Milicchio, Franco and Paoluzzi, Alberto and Shapiro, Vadim},
	Booktitle = {Proceedings of the 2007 ACM symposium on Solid and physical modeling},
	Doi = {10.1145/1236246.1236259},
	Isbn = {978-1-59593-666-0},
	Keywords = {Hasse matrix, computational mesh, finite methods, split algorithm, topology representation},
	Location = {Beijing, China},
	Numpages = {12},
	Pages = {73--84},
	Publisher = {Acm},
	Series = {SPM '07},
	Title = {Solid and physical modeling with chain complexes},
	Url = {http://doi.acm.org/10.1145/1236246.1236259},
	Year = 2007,
	Bdsk-Url-1 = {http://doi.acm.org/10.1145/1236246.1236259},
	Bdsk-Url-2 = {http://dx.doi.org/10.1145/1236246.1236259}}

@article{paoAdcVs:Siggraph2013:2013,
	Author = {Alberto Paoluzzi and Antonio DiCarlo and Vadim Shapiro},
	Journal = {Submitted Paper},
	Note = {\href{http://paoluzzi.dia.uniroma3.it/web/pao/doc/paoluzzi-SK-Tel.pdf}{http://paoluzzi.dia.uniroma3.it/web/pao/doc/paoluzzi-SK-Tel.pdf}},
	Number = {January},
	Title = {Linear Algebraic Representation of Big Geometric Data},
	Year = 2013}

@article{Hellerstein:2008,
	Author = {Hellerstein, Joe},
	Journal = {Gigaom Blog},
	Note = {http:// gigaom.com/2008/ 11/09/mapreduce-leads-the-way-for-parallel-programming/},
	Number = {November},
	Title = {Parallel Programming in the Age of Big Data},
	Year = 2008}

@book{Anderson:2010,
	Author = {J. Chris Anderson and Jan Lehnardt and Noah Slater},
	Edition = {1st Edition},
	Publisher = {O'Reilly Media},
	Title = {CouchDB The Definitive Guide},
	Year = 2010}

@book{White:2009,
	Author = {White, Tom},
	Edition = {1st Edition},
	Publisher = {O'Reilly Media},
	Title = {Hadoop: The Definitive Guide},
	Year = 2009}

@article{Barber:1996:QAC:235815.235821,
	Acmid = {235821},
	Address = {New York, NY, {USA}},
	Author = {Barber, C. Bradford and Dobkin, David P. and Huhdanpaa, Hannu},
	Doi = {10.1145/235815.235821},
	Issn = {0098-3500},
	Issue_Date = {Dec. 1996},
	Journal = {{ACM} Trans. Math. Softw.},
	Keywords = {Delaunay triangulation, Voronoi diagram, convex hull, halfspace intersection},
	Month = dec,
	Number = 4,
	Numpages = {15},
	Pages = {469--483},
	Publisher = {Acm},
	Title = {The quickhull algorithm for convex hulls},
	Url = {http://doi.acm.org/10.1145/235815.235821},
	Volume = 22,
	Year = 1996,
	Bdsk-Url-1 = {http://doi.acm.org/10.1145/235815.235821},
	Bdsk-Url-2 = {http://dx.doi.org/10.1145/235815.235821}}

@article{Rossignac:1999:ECC:614273.614421,
	Acmid = {614421},
	Address = {Piscataway, NJ, {USA}},
	Author = {Rossignac, Jarek},
	Doi = {10.1109/2945.764870},
	Issn = {1077-2626},
	Issue_Date = {January 1999},
	Journal = {{IEEE} Transactions on Visualization and Computer Graphics},
	Keywords = {Compression, 3D models, geometric representation, computer graphics, solid modeling.},
	Month = jan,
	Number = 1,
	Numpages = {15},
	Pages = {47--61},
	Publisher = {{IEEE} Educational Activities Department},
	Title = {Edgebreaker: Connectivity Compression for Triangle Meshes},
	Url = {http://dx.doi.org/10.1109/2945.764870},
	Volume = 5,
	Year = 1999,
	Bdsk-Url-1 = {http://dx.doi.org/10.1109/2945.764870}}

@book{whithney,
	Author = {Hassler Whitney},
	Publisher = {Dover},
	Title = {Geometric integration Theory},
	Year = 1957}

@inproceedings{Mesgari:2000,
	Author = {Saadi Mesgari},
	Booktitle = {International Archives of Photogrammetry and Remote Sensing. Vol. XXXIII, Part B4. Amsterdam},
	Title = {DEVELOPING A THREE-DIMENSIONAL TOPOLOGICAL DATA MODEL},
	Year = 2000}

@conference{arm:2011,
	Author = {Anton Lokhmotov},
	Booktitle = {OpenCL tutorial, 6th Int. Conference on High Performance and Embedded Architectures and Compilers (HiPEAC'11)},
	Title = {Implementing Sparse Matrix-Vector Product in {OpenCL}},
	Year = 2012}

@techreport{cuda:2008,
	Author = {Nathan Bell and Michael Garland},
	Institution = {NVIDIA Corp},
	Month = {December},
	Number = {NVR-2008-004},
	Title = {Efficient Sparse Matrix-Vector Multiplication on {CUDA}},
	Year = 2008}

@book{hausmann:2012,
	Author = {Jean-Claude Hausmann},
	Note = {Book Project, http://www.unige.ch/math/folks/hausmann/},
	Title = {Mod Two Homology and Cohomology},
	Year = 2012}

@inproceedings{5521474,
	Author = {Bo Li and Xin Li and Kexiang Wang and Hong Qin},
	Booktitle = {Shape Modeling International Conference (SMI), 2010},
	Doi = {10.1109/SMI.2010.40},
	Keywords = {data-spline-conversion modeling framework;engineering analysis;generalized PolyCube trivariate splines;hierarchical fitting scheme design;high-accuracy data fitting;reverse engineering;shape modeling;solid model parameter;trivariate T-splines;trivariate hierarchical spline scheme;volumetric data representation;data structures;reverse engineering;solid modelling;splines (mathematics);},
	Month = {june},
	Pages = {261 -265},
	Title = {Generalized PolyCube Trivariate Splines},
	Year = 2010,
	Bdsk-Url-1 = {http://dx.doi.org/10.1109/SMI.2010.40}}

@inproceedings{Brisson:1989:RGS:73833.73858,
	Acmid = {73858},
	Address = {New York, NY, {USA}},
	Author = {Brisson, E.},
	Booktitle = {Proc.~of the 5-th Annual Symposium on Computational Geometry},
	Doi = {10.1145/73833.73858},
	Isbn = {0-89791-318-3},
	Location = {Saarbruchen, West Germany},
	Numpages = {10},
	Pages = {218--227},
	Publisher = {Acm},
	Series = {SCG '89},
	Title = {Representing geometric structures in $d$ dimensions: topology and order},
	Url = {http://doi.acm.org/10.1145/73833.73858},
	Year = 1989,
	Bdsk-Url-1 = {http://doi.acm.org/10.1145/73833.73858},
	Bdsk-Url-2 = {http://dx.doi.org/10.1145/73833.73858}}

@inproceedings{Wang:2007:PS:1236246.1236281,
	Acmid = {1236281},
	Address = {New York, NY, {USA}},
	Author = {Wang, Hongyu and He, Ying and Li, Xin and Gu, Xianfeng and Qin, Hong},
	Booktitle = {Proceedings of the 2007 ACM symposium on Solid and physical modeling},
	Doi = {10.1145/1236246.1236281},
	Isbn = {978-1-59593-666-0},
	Keywords = {affine atlas, manifold splines, polycube map, polycube splines, shape computing, solid modeling},
	Location = {Beijing, China},
	Numpages = {11},
	Pages = {241--251},
	Publisher = {Acm},
	Series = {SPM '07},
	Title = {Polycube splines},
	Url = {http://doi.acm.org/10.1145/1236246.1236281},
	Year = 2007,
	Bdsk-Url-1 = {http://doi.acm.org/10.1145/1236246.1236281},
	Bdsk-Url-2 = {http://dx.doi.org/10.1145/1236246.1236281}}

@article{DBLP:journals/tvcg/WangLLXQ12,
	Author = {Kexiang Wang and Xin Li and Bo Li and Huanhuan Xu and Hong Qin},
	Bibsource = {DBLP, http://dblp.uni-trier.de},
	Ee = {http://doi.ieeecomputersociety.org/10.1109/TVCG.2011.102},
	Journal = {{IEEE} Trans. Vis. Comput. Graph.},
	Number = 5,
	Pages = {703-716},
	Title = {Restricted Trivariate Polycube Splines for Volumetric Data Modeling},
	Volume = 18,
	Year = 2012}

@techreport{BWWLA89,
	Author = {Backus, J. and Williams, J.H. and Wimmers, E.L. and Lucas, P. and Aiken, A.},
	Institution = {IBM Research Report},
	Title = {{FL} Language Manual, Parts 1 and 2.},
	Volume = {RJ 7100 (67163)},
	Year = 1989}

@incollection{fl-1,
	Address = {Boston, MA, {USA}},
	Author = {John Backus and John H. Williams and Edward L. Wimmers},
	Booktitle = {Research topics in functional programming},
	Isbn = {0-201-17236-4},
	Pages = {219--247},
	Publisher = {Addison-Wesley Longman Publishing Co., Inc.},
	Title = {An introduction to the programming language {FL}},
	Year = 1990}

@article{backus:78,
	Address = {New York, NY, {USA}},
	Author = {John Backus},
	Doi = {http://doi.acm.org/10.1145/359576.359579},
	Issn = {0001-0782},
	Journal = {Commun. {ACM}},
	Number = 8,
	Pages = {613--641},
	Publisher = {{ACM} Press},
	Title = {Can programming be liberated from the {von Neumann} style?: a functional style and its algebra of programs},
	Volume = 21,
	Year = 1978,
	Bdsk-Url-1 = {http://doi.acm.org/10.1145/359576.359579}}

@book{Paoluzzi2003a,
	Address = {Chichester, {UK}},
	Author = {A. Paoluzzi},
	Isbn = {9780471899426},
	Publisher = {John Wiley \& Sons},
	Title = {Geometric Programming for Computer Aided Design},
	Year = 2003}

@phdthesis{Weiler:86,
	Author = {Weiler, K. J.},
	School = {Rensselaer Polytechnic Institute},
	Title = {Topological structures for geometric modeling},
	Year = 1986}

@incollection{Weiler:88,
	Address = {Amsterdam},
	Author = {Weiler, K. J.},
	Booktitle = {Geometric modelling for CAD applications},
	Editor = {M. Wozny and H. McLaughlin and J. Encarnacao},
	Pages = {3--12},
	Publisher = {North-Holland},
	Title = {The radial edge structure: A topological representation for non-manifold geometric modelling},
	Year = 1988}

@inproceedings{Desbarats:2003:CCT:1761792.1761850,
	Acmid = {1761850},
	Address = {Berlin, Heidelberg},
	Author = {Desbarats, Pascal and Gueorguieva, Stefka},
	Booktitle = {Proceedings of the 2003 international conference on Computational science and its applications: PartIII},
	Isbn = {3-540-40156-3},
	Location = {Montreal, Canada},
	Numpages = {10},
	Pages = {498--507},
	Publisher = {Springer-Verlag},
	Series = {ICCSA'03},
	Title = {{CW} complexes: topological mainframe for numerical representations of objects},
	Url = {http://dl.acm.org/citation.cfm?id=1761792.1761850},
	Year = 2003,
	Bdsk-Url-1 = {http://dl.acm.org/citation.cfm?id=1761792.1761850}}

@book{Mantyla:1988:ISM:60949,
	Address = {New York, NY, {USA}},
	Author = {Mantyla, M.},
	Isbn = {0-88175-108-1},
	Publisher = {W. H. Freeman \& Co.},
	Title = {Introduction to Solid Modeling},
	Year = 1988}

@article{Lienhardt:1991:TMB:115604.115610,
	Acmid = {115610},
	Address = {Newton, MA, {USA}},
	Author = {Lienhardt, Pascal},
	Doi = {10.1016/0010-4485(91)90082-8},
	Issn = {0010-4485},
	Issue_Date = {Jan./Feb. 1991},
	Journal = {Comput. Aided Des.},
	Month = feb,
	Number = 1,
	Numpages = {24},
	Pages = {59--82},
	Publisher = {Butterworth-Heinemann},
	Title = {Topological models for boundary representation: a comparison with n-dimensional generalized maps},
	Url = {http://dx.doi.org/10.1016/0010-4485(91)90082-8},
	Volume = 23,
	Year = 1991,
	Bdsk-Url-1 = {http://dx.doi.org/10.1016/0010-4485(91)90082-8}}

@article{Kalay:1989:HET:63718.63719,
	Acmid = {63719},
	Address = {Newton, MA, {USA}},
	Author = {Kalay, Y. E.},
	Doi = {10.1016/0010-4485(89)90067-5},
	Issn = {0010-4485},
	Issue_Date = {April 1989},
	Journal = {Comput. Aided Des.},
	Month = apr,
	Number = 3,
	Numpages = {11},
	Pages = {130--140},
	Publisher = {Butterworth-Heinemann},
	Title = {The hybrid edge: a topological data structure for vertically integrated geometric modelling},
	Url = {http://dx.doi.org/10.1016/0010-4485(89)90067-5},
	Volume = 21,
	Year = 1989,
	Bdsk-Url-1 = {http://dx.doi.org/10.1016/0010-4485(89)90067-5}}

@book{hatcher:2002,
	Author = {Allen Hatcher},
	Date-Added = {2006-11-14 11:38:35 +0100},
	Date-Modified = {2006-11-14 11:38:35 +0100},
	Publisher = {Cambridge University Press},
	Title = {Algebraic topology},
	Year = 2002}

@article{BajajDHLMNPPS-JBM2006,
	Author = {C. Bajaj and A. DiCarlo and G. Haiat and P. Laugier and F. Milicchio and S. Naili and F. Padilla and A. Paoluzzi and F. Peyrin and G. Scorzelli},
	Journal = {Journal of Biomechanics},
	Page = {S5},
	Title = {Extracting trabecular geometry from tomographic images of spongy bone},
	Volume = {39, Supplement 1},
	Year = 2006}

@inproceedings{DMPS02,
	Acmid = {566307},
	Address = {New York, NY, {USA}},
	Author = {De Floriani, Leila and Magillo, Paola and Puppo, Enrico and Sobrero, Davide},
	Booktitle = {Proceedings of the seventh ACM symposium on Solid modeling and applications},
	Doi = {10.1145/566282.566307},
	Isbn = {1-58113-506-8},
	Keywords = {data structures, multiresolution, non-manifold modeling},
	Location = {Saarbr\&\#252;cken, Germany},
	Numpages = {12},
	Pages = {159--170},
	Publisher = {Acm},
	Series = {SMA '02},
	Title = {A multi-resolution topological representation for non-manifold meshes},
	Url = {http://doi.acm.org/10.1145/566282.566307},
	Year = 2002,
	Bdsk-Url-1 = {http://doi.acm.org/10.1145/566282.566307},
	Bdsk-Url-2 = {http://dx.doi.org/10.1145/566282.566307}}

@inproceedings{Rap97,
	Acmid = {267749},
	Address = {New York, NY, {USA}},
	Author = {Rappoport, Ari},
	Booktitle = {Proceedings of the fourth ACM symposium on Solid modeling and applications},
	Doi = {10.1145/267734.267749},
	Isbn = {0-89791-946-7},
	Keywords = {classifying models, generic geometric complex, invariant naming, modeling schemes, persistant naming, selective geometric complex, shape families},
	Location = {Atlanta, Georgia, United States},
	Numpages = {12},
	Pages = {19--30},
	Publisher = {Acm},
	Series = {SMA '97},
	Title = {The generic geometric complex (GGC): a modeling scheme for families of decomposed pointsets},
	Url = {http://doi.acm.org/10.1145/267734.267749},
	Year = 1997,
	Bdsk-Url-1 = {http://doi.acm.org/10.1145/267734.267749},
	Bdsk-Url-2 = {http://dx.doi.org/10.1145/267734.267749}}

@book{farin2002handbook,
	Author = {Farin, G. and Hoschek, J. and Kim, S.},
	Isbn = {9780444511041},
	Lccn = {2002069649},
	Publisher = {Elsevier Science},
	Title = {Handbook of Computer Aided Geometric Design},
	Url = {http://books.google.it/books?id=0SV5G8fgxLoC},
	Year = 2002,
	Bdsk-Url-1 = {http://books.google.it/books?id=0SV5G8fgxLoC}}

@incollection{shapiroSM:202,
	Author = {Vadim Shapiro},
	Booktitle = {Handbook of Computer Aided Geometric Design},
	Chapter = 20,
	Editor = {Farin, G. and Hoschek, J. and Kim, S.},
	Pages = {473--518},
	Publisher = {Elsevier Science},
	Title = {Solid modeling},
	Year = 2002}

@article{Requicha:1980:RRS:356827.356833,
	Acmid = {356833},
	Address = {New York, NY, {USA}},
	Author = {Requicha, Aristides G.},
	Doi = {10.1145/356827.356833},
	Issn = {0360-0300},
	Issue_Date = {Dec. 1980},
	Journal = {{ACM} Comput. Surv.},
	Month = dec,
	Number = 4,
	Numpages = {28},
	Pages = {437--464},
	Publisher = {Acm},
	Title = {Representations for Rigid Solids: Theory, Methods, and Systems},
	Url = {http://doi.acm.org/10.1145/356827.356833},
	Volume = 12,
	Year = 1980,
	Bdsk-Url-1 = {http://doi.acm.org/10.1145/356827.356833},
	Bdsk-Url-2 = {http://dx.doi.org/10.1145/356827.356833}}

@techreport{RequichaVoelcker:77,
	Author = {A. A. G. Requicha and H. B. Voelcker},
	Institution = {Production Automation Project, Univ. of Rochester},
	Number = {TM-25},
	Title = {Constructive solid geometry},
	Year = 1977}

@article{Rossignac:1991:CNG:115604.115606,
	Acmid = {115606},
	Address = {Newton, MA, {USA}},
	Author = {Rossignac, Jarek R. and Requicha, Aristides A. G.},
	Doi = {10.1016/0010-4485(91)90078-B},
	Issn = {0010-4485},
	Issue_Date = {Jan./Feb. 1991},
	Journal = {Comput. Aided Des.},
	Month = feb,
	Number = 1,
	Numpages = {12},
	Pages = {21--32},
	Publisher = {Butterworth-Heinemann},
	Title = {Constructive non-regularized geometry},
	Url = {http://dx.doi.org/10.1016/0010-4485(91)90078-B},
	Volume = 23,
	Year = 1991,
	Bdsk-Url-1 = {http://dx.doi.org/10.1016/0010-4485(91)90078-B}}

@book{bowyer1995svlis,
	Author = {Bowyer, A.},
	Isbn = {9781874728078},
	Publisher = {Information Geometers},
	Title = {SvLis Set-theoretic Kernel Modeller: Introduction and User Manual},
	Url = {http://books.google.it/books?id=hYqwAAAACAAJ},
	Year = 1995,
	Bdsk-Url-1 = {http://books.google.it/books?id=hYqwAAAACAAJ}}

@techreport{Baumgart:1972:WEP:891970,
	Address = {Stanford, CA, {USA}},
	Author = {Baumgart, Bruce G.},
	Number = {Stan-CS-320},
	Publisher = {Stanford University},
	Source = {http://www.ncstrl.org:8900/ncstrl/servlet/search?formname=detail\&id=oai%3Ancstrlh%3Astan%3ASTAN%2F%2FCS-TR-72-320},
	Title = {Winged edge polyhedron representation.},
	Year = 1972}

@article{Braid:1975:SSB:360715.360727,
	Acmid = {360727},
	Address = {New York, NY, {USA}},
	Author = {Braid, I. C.},
	Doi = {10.1145/360715.360727},
	Issn = {0001-0782},
	Issue_Date = {April 1975},
	Journal = {Commun. {ACM}},
	Keywords = {computational geometry, computer-aided design, graphics, machined components, polyhedra, shape synthesis, three-dimensional modeling},
	Month = apr,
	Number = 4,
	Numpages = {8},
	Pages = {209--216},
	Publisher = {Acm},
	Title = {The synthesis of solids bounded by many faces},
	Url = {http://doi.acm.org/10.1145/360715.360727},
	Volume = 18,
	Year = 1975,
	Bdsk-Url-1 = {http://doi.acm.org/10.1145/360715.360727},
	Bdsk-Url-2 = {http://dx.doi.org/10.1145/360715.360727}}

@inproceedings{Dobkin:1987:PMT:41958.41967,
	Acmid = {41967},
	Address = {New York, NY, {USA}},
	Author = {Dobkin, D. P. and Laszlo, M. J.},
	Booktitle = {Proceedings of the third annual symposium on Computational geometry},
	Doi = {10.1145/41958.41967},
	Isbn = {0-89791-231-4},
	Location = {Waterloo, Ontario, Canada},
	Numpages = {14},
	Pages = {86--99},
	Publisher = {Acm},
	Series = {SCG '87},
	Title = {Primitives for the manipulation of three-dimensional subdivisions},
	Url = {http://doi.acm.org/10.1145/41958.41967},
	Year = 1987,
	Bdsk-Url-1 = {http://doi.acm.org/10.1145/41958.41967},
	Bdsk-Url-2 = {http://dx.doi.org/10.1145/41958.41967}}

@article{Guibas:1985:PMG:282918.282923,
	Acmid = {282923},
	Address = {New York, NY, {USA}},
	Author = {Guibas, Leonidas and Stolfi, Jorge},
	Doi = {10.1145/282918.282923},
	Issn = {0730-0301},
	Issue_Date = {April 1985},
	Journal = {{ACM} Trans. Graph.},
	Keywords = {Euler operators, Voronoi and Delaunay diagrams, closest point, computational topology, convex hull, geometric primitives, nearest neighbours, planar graphs, point location, representation of polynedra, trianglations},
	Month = apr,
	Number = 2,
	Numpages = {50},
	Pages = {74--123},
	Publisher = {Acm},
	Title = {Primitives for the manipulation of general subdivisions and the computation of Voronoi},
	Url = {http://doi.acm.org/10.1145/282918.282923},
	Volume = 4,
	Year = 1985,
	Bdsk-Url-1 = {http://doi.acm.org/10.1145/282918.282923},
	Bdsk-Url-2 = {http://dx.doi.org/10.1145/282918.282923}}

@article{woo:85,
	Author = {Woo, T.},
	Journal = {Computer Graphics \& Applications, {IEEE}},
	Month = {March},
	Number = 3,
	Pages = {19--27},
	Title = {A Combinatorial Analysis of Boundary Data Structure Schemata},
	Volume = 5,
	Year = 1985}

@article{yamaguchi1995ntb,
	Author = {Yamaguchi, Y. and Kimura, F.},
	Journal = {Computer Graphics and Applications, {IEEE}},
	Number = 1,
	Pages = {42--50},
	Title = {Nonmanifold topology based on coupling entities},
	Volume = 15,
	Year = 1995}

@book{wozny1990geometric,
	Author = {Wozny, M.J. and Turner, J.U. and Preiss, K.},
	Isbn = {9780444884480},
	Lccn = {89027819},
	Publisher = {North-Holland},
	Title = {Geometric modeling for product engineering: IFIP WG 5.2/NSF Working Conf. on Geometric Modeling, Rensselaerville, U.S.A., 18-22 September, 1988},
	Url = {http://books.google.it/books?id=-BkfAQAAIAAJ},
	Year = 1990,
	Bdsk-Url-1 = {http://books.google.it/books?id=-BkfAQAAIAAJ}}

@inproceedings{Lee:2001:PES:376957.376976,
	Acmid = {376976},
	Address = {New York, NY, {USA}},
	Author = {Lee, Sang Hun and Lee, Kunwoo},
	Booktitle = {Proceedings of the sixth ACM symposium on Solid modeling and applications},
	Doi = {10.1145/376957.376976},
	Isbn = {1-58113-366-9},
	Keywords = {boundary representation, data structure, geometric modeling, non-manifold, topological entity},
	Location = {Ann Arbor, Michigan, United States},
	Numpages = {12},
	Pages = {159--170},
	Publisher = {Acm},
	Series = {SMA '01},
	Title = {Partial entity structure: a compact non-manifold boundary representation based on partial topological entities},
	Url = {http://doi.acm.org/10.1145/376957.376976},
	Year = 2001,
	Bdsk-Url-1 = {http://doi.acm.org/10.1145/376957.376976},
	Bdsk-Url-2 = {http://dx.doi.org/10.1145/376957.376976}}

@incollection{Rossignac:SGC:90,
	Author = {J. R. Rossignac and M. A. O'Connor},
	Booktitle = {Geometric modeling for product engineering},
	Publisher = {North-Holland},
	Title = {{SGC:} A Dimension-independent Model for Pointsets with Internal Structures and Incomplete Boundaries},
	Year = 1990}

@article{4055948,
	Author = {Weiler, K. J.},
	Doi = {10.1109/MCG.1985.276271},
	Issn = {0272-1716},
	Journal = {Computer Graphics and Applications, {IEEE}},
	Month = {jan.},
	Number = 1,
	Pages = {21 -40},
	Title = {Edge-Based Data Structures for Solid Modeling in Curved-Surface Environments},
	Volume = 5,
	Year = 1985,
	Bdsk-Url-1 = {http://dx.doi.org/10.1109/MCG.1985.276271}}

@techreport{Silva:81,
	Author = {C. E. Silva},
	Institution = {Production Automation Project, Univ. of Rochester},
	Number = {TM-36},
	Title = {Alternative definitions of faces in boundary representations of solid objects},
	Year = 1981}

@phdthesis{Shapiro:1991:RSS:124951,
	Address = {Ithaca, NY, {USA}},
	Author = {Shapiro, Vadim},
	Note = {UMI Order No. GAX91-31407},
	Publisher = {Cornell University},
	Title = {Representations of semi-algebraic sets in finite algebras generated by space decompositions},
	Year = 1991}

@article{Paoluzzi:1993:DMS:169728.169719,
	Acmid = {169719},
	Address = {New York, NY, {USA}},
	Author = {Paoluzzi, A. and Bernardini, F. and Cattani, C. and Ferrucci, V.},
	Doi = {10.1145/169728.169719},
	Issn = {0730-0301},
	Issue_Date = {Jan. 1993},
	Journal = {{ACM} Trans. Graph.},
	Keywords = {n-dimensional triangulation, Boolean operations, design languages, extrusion, polyhedra, representation, simplicial complexes, simplicial maps},
	Month = jan,
	Number = 1,
	Numpages = {47},
	Pages = {56--102},
	Publisher = {Acm},
	Title = {Dimension-independent modeling with simplicial complexes},
	Url = {http://doi.acm.org/10.1145/169728.169719},
	Volume = 12,
	Year = 1993,
	Bdsk-Url-1 = {http://doi.acm.org/10.1145/169728.169719},
	Bdsk-Url-2 = {http://dx.doi.org/10.1145/169728.169719}}

@inproceedings{Pratt94ashape,
	Author = {Michael J. Pratt and Bill D. Anderson},
	Booktitle = {in Fourteenth International Conference on Atomic Physics},
	Pages = {1--7},
	Title = {A Shape Modelling API for the {STEP} Standard},
	Year = 1994}

@book{bowyer1995introducing,
	Author = {Bowyer, A. and {Geometric Modelling Society}},
	Isbn = {9781874728085},
	Publisher = {Information Geometers [for] the Geometric Modelling Society},
	Title = {Introducing {Djinn}: A Geometric Interface for Solid Modelling},
	Url = {http://books.google.it/books?id=oCGGAAAACAAJ},
	Year = 1995,
	Bdsk-Url-1 = {http://books.google.it/books?id=oCGGAAAACAAJ}}

@inproceedings{Gomes:1999:MMB:304012.304039,
	Acmid = {304039},
	Address = {New York, NY, {USA}},
	Author = {Gomes, Abel and Middleditch, Alan and Reade, Chris},
	Booktitle = {Proceedings of the fifth ACM symposium on Solid modeling and applications},
	Doi = {10.1145/304012.304039},
	Isbn = {1-58113-080-5},
	Location = {Ann Arbor, Michigan, United States},
	Numpages = {8},
	Pages = {270--277},
	Publisher = {Acm},
	Series = {SMA '99},
	Title = {A mathematical model for boundary representations of n-dimensional geometric objects},
	Url = {http://doi.acm.org/10.1145/304012.304039},
	Year = 1999,
	Bdsk-Url-1 = {http://doi.acm.org/10.1145/304012.304039},
	Bdsk-Url-2 = {http://dx.doi.org/10.1145/304012.304039}}

@article{Raghothama:1998:BRD:293145.293148,
	Acmid = {293148},
	Address = {New York, NY, {USA}},
	Author = {Raghothama, Srinivas and Shapiro, Vadim},
	Doi = {10.1145/293145.293148},
	Issn = {0730-0301},
	Issue_Date = {Oct. 1998},
	Journal = {{ACM} Trans. Graph.},
	Keywords = {algebraic topology, boundary deformation, boundary representation, cell complex, parametric editing, persistent naming, soild modeling},
	Month = oct,
	Number = 4,
	Numpages = {28},
	Pages = {259--286},
	Publisher = {Acm},
	Title = {Boundary representation deformation in parametric solid modeling},
	Url = {http://doi.acm.org/10.1145/293145.293148},
	Volume = 17,
	Year = 1998,
	Bdsk-Url-1 = {http://doi.acm.org/10.1145/293145.293148},
	Bdsk-Url-2 = {http://dx.doi.org/10.1145/293145.293148}}

@inproceedings{Shapiro:1995:PFS:218013.218029,
	Acmid = {218029},
	Address = {New York, NY, {USA}},
	Author = {Shapiro, Vadim and Vossler, Donald L.},
	Booktitle = {Proceedings of the third ACM symposium on Solid modeling and applications},
	Doi = {10.1145/218013.218029},
	Isbn = {0-89791-672-7},
	Location = {Salt Lake City, Utah, United States},
	Numpages = {12},
	Pages = {43--54},
	Publisher = {Acm},
	Series = {SMA '95},
	Title = {What is a parametric family of solids?},
	Url = {http://doi.acm.org/10.1145/218013.218029},
	Year = 1995,
	Bdsk-Url-1 = {http://doi.acm.org/10.1145/218013.218029},
	Bdsk-Url-2 = {http://dx.doi.org/10.1145/218013.218029}}

@article{HoffmannK01,
	Author = {Christoph M. Hoffmann and Ku-Jin Kim},
	Citedby = {0},
	Cites = {0},
	Doi = {http://dx.doi.org/10.1016/S0010-4485(00)00073-7},
	Journal = {Computer-Aided Design},
	Number = 1,
	Pages = {81-90},
	Researchr = {http://researchr.org/publication/HoffmannK01},
	Title = {Towards valid parametric CAD models},
	Volume = 33,
	Year = 2001,
	Bdsk-Url-1 = {http://dx.doi.org/10.1016/S0010-4485(00)00073-7}}

@inproceedings{Raghothama:1999:CUD:304012.304019,
	Acmid = {304019},
	Address = {New York, NY, {USA}},
	Author = {Raghothama, Srinivas and Shapiro, Vadim},
	Booktitle = {Proceedings of the fifth ACM symposium on Solid modeling and applications},
	Doi = {10.1145/304012.304019},
	Isbn = {1-58113-080-5},
	Location = {Ann Arbor, Michigan, United States},
	Numpages = {11},
	Pages = {65--75},
	Publisher = {Acm},
	Series = {SMA '99},
	Title = {Consistent updates in dual representation systems},
	Url = {http://doi.acm.org/10.1145/304012.304019},
	Year = 1999,
	Bdsk-Url-1 = {http://doi.acm.org/10.1145/304012.304019},
	Bdsk-Url-2 = {http://dx.doi.org/10.1145/304012.304019}}

@article{ieee-tase,
	Author = {DiCarlo, A. and Milicchio, F. and Paoluzzi, A. and Shapiro, V.},
	Doi = {10.1109/TASE.2009.2021342},
	Issn = {1545-5955},
	Journal = {Automation Science and Engineering, {IEEE} Transactions on},
	Keywords = {Euler operators;Hasse matrix;block-bidiagonal matrix;chain-based representations;local mesh refinements;multilinear transformations;physical modeling;solid modeling;topology-preserving mesh refinements;matrix algebra;mesh generation;},
	Month = {July},
	Number = 3,
	Pages = {454 -467},
	Title = {Chain-Based Representations for Solid and Physical Modeling},
	Volume = 6,
	Year = 2009,
	Bdsk-Url-1 = {http://dx.doi.org/10.1109/TASE.2009.2021342}}

@article{cadanda,
	Author = {C. Bajaj and A. Paoluzzi and G. Scorzelli},
	Journal = {Computer-Aided Design and Applications},
	Number = {5-6},
	Title = {Progressive conversion from B-rep to BSP for streaming geometric modeling},
	Volume = 3,
	Year = 2006}

@inproceedings{Pascucci:1995:DCB:218013.218055,
	Acmid = {218055},
	Address = {New York, NY, {USA}},
	Author = {Pascucci, Valerio and Ferrucci, Vincenzo and Paoluzzi, Alberto},
	Booktitle = {Proceedings of the third ACM Symposium on Solid Modeling and Applications},
	Doi = {10.1145/218013.218055},
	Isbn = {0-89791-672-7},
	Location = {Salt Lake City, Utah, United States},
	Numpages = {12},
	Pages = {163--174},
	Publisher = {Acm},
	Series = {SMA '95},
	Title = {Dimension-independent convex-cell based {HPC}: representation scheme and implementation issues},
	Url = {http://doi.acm.org/10.1145/218013.218055},
	Year = 1995,
	Bdsk-Url-1 = {http://doi.acm.org/10.1145/218013.218055},
	Bdsk-Url-2 = {http://dx.doi.org/10.1145/218013.218055}}

@article{Paoluzzi:1995:GPP:212332.212349,
	Acmid = {212349},
	Address = {New York, NY, {USA}},
	Author = {Paoluzzi, Alberto and Pascucci, Valerio and Vicentino, Michele},
	Doi = {10.1145/212332.212349},
	Issn = {0730-0301},
	Issue_Date = {July 1995},
	Journal = {{ACM} Trans. Graph.},
	Keywords = {design language, functional programming, generative modeling, geometric design, polyhedra, solid modeling, variational geometry},
	Month = jul,
	Number = 3,
	Numpages = {41},
	Pages = {266--306},
	Publisher = {Acm},
	Title = {Geometric programming: a programming approach to geometric design},
	Url = {http://doi.acm.org/10.1145/212332.212349},
	Volume = 14,
	Year = 1995,
	Bdsk-Url-1 = {http://doi.acm.org/10.1145/212332.212349},
	Bdsk-Url-2 = {http://dx.doi.org/10.1145/212332.212349}}

@article{Paoluzzi:1989:BAO:70248.70249,
	Acmid = {70249},
	Address = {Newton, MA, {USA}},
	Author = {Paoluzzi, A. and Ramella, M. and Santarelli, A},
	Issn = {0010-4485},
	Issue_Date = {Oct. 1989},
	Journal = {Comput. Aided Des.},
	Month = oct,
	Number = 10,
	Numpages = {11},
	Pages = {474--484},
	Publisher = {Butterworth-Heinemann},
	Title = {Boolean algebra over linear polyhedra},
	Url = {http://dl.acm.org/citation.cfm?id=70248.70249},
	Volume = 21,
	Year = 1989,
	Bdsk-Url-1 = {http://dl.acm.org/citation.cfm?id=70248.70249}}

@article{Ala:1992:PAB:616022.617736,
	Acmid = {617736},
	Address = {Los Alamitos, CA, {USA}},
	Author = {Ala, Seshagiri Rao},
	Doi = {10.1109/38.124288},
	Issn = {0272-1716},
	Issue_Date = {March 1992},
	Journal = {{IEEE} Comput. Graph. Appl.},
	Month = mar,
	Number = 2,
	Numpages = {10},
	Pages = {49--58},
	Publisher = {{IEEE} Computer Society Press},
	Title = {Performance Anomalies in Boundary Data Structures},
	Url = {http://dx.doi.org/10.1109/38.124288},
	Volume = 12,
	Year = 1992,
	Bdsk-Url-1 = {http://dx.doi.org/10.1109/38.124288}}
